@Manual{SennheiserANC,
	title = "Active Noise Cancellation - Sennheiser NoiseGard™ hybrid technology",
	organization = "Sennheiser electronic GmbH \& Co. KG"
}

@Manual{PolskaNormaCisnienia,
	title = "Polska norma PN-N-01307:1994 'Dopuszczalne wartości poziomu dźwięku na stanowisku pracy'",
	year = "1994"
}

@misc{JakSlyszymy,
	title = "Jak Słyszymy? (audioton.republika.pl)",
	howpublished = "\\\url{http://web.archive.org/web/20110920161806/http://audioton.republika.pl/ucho.html}",
	author = "Stanisław Chrząszcz",
	year = "2002 - 2013"
}

@Manual{NIOSH,
	title = "Occupational Noise Exposure",
	organization = "U.S. Department of Health and Human Services",
	year = "1998"
}

@misc{SPLtable,
	title = "SOUND PRESSURE LEVEL CHART",
	howpublished = "\\\url{https://thewellcommunity.org/podcasts/engineering/sound-pressure-level-chart}",
	year = "2012",
	author = "Dave Sather"
}
	
@misc{FaleAkustyczne,
	title = "Fale akustyczne - Wikipedia",
	howpublished = "\\\url{https://pl.wikipedia.org/wiki/Fale_akustyczne}",
	year = "2012 - 2019"
}

@misc{RzeskiMikorskop,
	title = "NOISE INDUCED TRAUMA",
	howpublished = "\\\url{http://www.cochlea.eu/en/pathology/surdites-neuro-sensorielles/traumatisme-acoustique}",
	year = "2018",
	author = "Rémy Pujol, Jing Wang, Sam Irving"
}

@misc{CisnienieAkustyczne,
	title = "A guide to decibels and how to use them",
	howpublished = "\\\url{http://www.acoustics.salford.ac.uk/acoustics_info/decibels/}",
	author = "Ian Drumm"
}

@misc{BadaniePolicjantow,
	title = "Acoustic and psychoacoustic analysis of the noise produced by the police force firearms",
	howpublished = "\\\url{https://www.sciencedirect.com/science/article/pii/S1808869415308053}",
	author = "Heraldo Lorena Guida, Thiago Hernandes Diniz, Sérgio Koodi Kinoshita"
}

@misc{UrazyAkustyczne,
	title = "Urazy akustyczne",
	howpublished = "\\\url{https://www.mp.pl/pacjent/otolaryngologia/choroby/choroby-uszu/110217,urazy-akustyczne}",
	year = "2017",
	author = "dr n. med. Mariola Zagor"
}

